@article{edit:review,
        journal="Journal of Official Statistics",
        volume=6, number=4, pages="355--377",
        author="Mark Pierzchala",
        title="A Review of the State of the Art in Automated Data Editing and Imputation"
}


@book{lumley:surveys,
author = "Thomas Lumley",
title = "Complex Surveys: A Guide to Analysis Using {R}",
year=2010,
publisher="Wiley"
}


@book{klemens:mwd,
author="Ben Klemens",
title = "Modeling with Data: Tools and Techniques for Scientific Computing",
year=2009,
publisher="Princeton University Press"
}


@Manual{r:tfm,
  title = {R: A language and environment for statistical computing},
  author = {{R Development Core Team}},
  organization = {R Foundation for Statistical Computing},
  address = {Vienna, Austria},
  year = {2005},
  note = {{ISBN} 3-900051-07-0},
  url = {http://www.R-project.org},
}


@article{fellegi:holt,
author ={IP Fellegi and D Holt},
title= {A systematic approach to automatic edit and imputation},
journal={Journal of the American Statistical Association},
volume=71, year= 1976, pages="17--35"
}


@inproceedings{chen:threesystems,
title=    {A Comparison Study of {ACS} If-Then-Else, {NIM}, and {DISCRETE} Edit
and Imputation Systems},
author={Bor-Chung Chen and Yves Thibaudeau and William E Winkler},
booktitle={{ASA}Joint Statistical Meetings: Section on Survey Research Methods},
year=2002,
}
